@article{3-hand,
  title={Short paper: 3-hand manipulation of virtual objects},
  author={Aguerreche, Laurent and Duval, Thierry and L{\'e}cuyer, Anatole and others},
  journal={JVRC 2009},
  year={2009}
}
@book{margery,
  title={A general framework for cooperative manipulation in virtual environments},
  author={Margery, David and Arnaldi, Bruno and Plouzeau, Noel},
  year={1999},
  publisher={Springer}
}
@article{avatars,
  title={Exchange of avatars: Toward a better perception and understanding},
  author={Lopez, Thomas and Bouville, Rozenn and Loup-Escande, Emilie and Nouviale, Florian and Gouranton, Val{\'e}rie and Arnaldi, Bruno},
  journal={Visualization and Computer Graphics, IEEE Transactions on},
  volume={20},
  number={4},
  pages={644--653},
  year={2014},
  publisher={IEEE}
}
@article{show-through,
  title={Improving co-located collaboration with show-through techniques},
  author={Argelaguet Sanz, Fernando and Kunert, Andr{\'e} and Kulik, Alexander and Froehlich, Bernd and others},
  year={2010}
}
@inproceedings{seven,
  title={Short Paper:\# SEVEN, a Sensor Effector Based Scenarios Model for Driving Collaborative Virtual Environment},
  author={Claude, Guillaume and Gouranton, Val{\'e}rie and Berthelot, Rozenn Bouville and Arnaldi, Bruno},
  booktitle={ICAT-EGVE, International Conference on Artificial Reality and Telexistence, Eurographics Symposium on Virtual Environments},
  pages={1--4},
  year={2014}
}
@inproceedings{survey,
  title={A Survey of Communication and Awareness in Collaborative Virtual Environments},
  author={Nguyen, Thi Thuong Huyen and Duval, Thierry and others},
  booktitle={2014 International Workshop on Collaborative Virtual Environments (3DCVE)},
  year={2014}
}
@PhDThesis{thesis,
  title={Proposition of new metaphors and techniques for 3D interaction and navigation preserving immersion and facilitating collaboration between distant users},
  author={Nguyen, Thi Thuong Huyen},
  school={INSA Rennes},
  year={2014}
}
@article{state-machine,
  title={HCSM: a framework for behavior and scenario control in virtual environments},
  author={Cremer, James and Kearney, Joseph and Papelis, Yiannis},
  journal={ACM Transactions on Modeling and Computer Simulation (TOMACS)},
  volume={5},
  number={3},
  pages={242--267},
  year={1995},
  publisher={ACM}
}
@book{proxemics,
  title={The hidden dimension},
  author={Hall, Edward T},
  volume={1990},
  year={1969},
  publisher={Anchor Books New York}
}